@ARTICLE{id,
   author = {{li}, X. and {Guo}, F. and {Li}, H. and {Li}, G.},
   title = "{Nonthermally Dominated Electron Acceleration during
   Magnetic Reconnection in a Low-{$\beta$} Plasma}",
   journal = {\apjl},
   archivePrefix = "arXiv",
   eprint = {1505.02166},
   primaryClass = "astro-ph.SR",
   keywords = {acceleration of particles, magnetic reconnection, Sun: corona, Sun: flares},
   year = 2015,
   month = oct,
   volume = 811,
   eid = {L24},
   pages = {L24},
   doi = {10.1088/2041-8205/811/2/L24},
   adsurl = {http://cdsads.u-strasbg.fr/abs/2015ApJ...811L..24L},
   adsnote = {Provided by the SAO/NASA Astrophysics Data System}
}
