@ARTICLE{test,
         author = {Farris, Laurel},
         title = "{My title}",
         year = 2014,
        }

