@ARTICLE{main_paper,
   author = {{Thalmann}, J.~K. and {Su}, Y. and {Temmer}, M. and {Veronig}, A.~M.},
   title = "{The Confined X-class Flares of Solar Active Region 2192}",
   journal = "{The Astrophysical Journal}",
   archivePrefix = "arXiv",
   eprint = {1502.05157},
   primaryClass = "astro-ph.SR",
   keywords = {Sun: activity, Sun: atmosphere, Sun: flares, Sun: magnetic fields, Sun: photosphere, Sun: X-rays, gamma rays},
   year = 2015,
   month = mar,
   volume = 801,
   eid = {L23},
   pages = {L23},
   doi = {10.1088/2041-8205/801/2/L23},
   adsurl = {http://cdsads.u-strasbg.fr/abs/2015ApJ...801L..23T},
   adsnote = {Provided by the SAO/NASA Astrophysics Data System}
}

@misc{flare_class,
      title = {Solar Flares: What Does It Take to Be X-Class?},
      howpublished = {\url{http://www.nasa.gov/mission_pages/sunearth/news/X-class-flares.html#.VvAxnseYfzI}},
      note = {Accessed: 2016-03-21}
}
